<record><leader>00000cas a22000007a 4500</leader><controlfield tag="001">60623798</controlfield><controlfield tag="006">m     o  d        </controlfield><controlfield tag="007">cr un|||||||||</controlfield><controlfield tag="008">050614c19469999ncudn nso     0   a0eng c</controlfield><datafield ind1=" " ind2=" " tag="010"><subfield code="a">  2006214136</subfield></datafield><datafield ind1=" " ind2=" " tag="040"><subfield code="a">OCLCS</subfield><subfield code="b">eng</subfield><subfield code="c">OCLCS</subfield><subfield code="d">NSD</subfield><subfield code="d">OCLCQ</subfield></datafield><datafield ind1=" " ind2=" " tag="012"><subfield code="l">a</subfield></datafield><datafield ind1="1" ind2=" " tag="022"><subfield code="a">1930-434X</subfield><subfield code="l">1070-9436</subfield><subfield code="2">1</subfield></datafield><datafield ind1="0" ind2=" " tag="029"><subfield code="a">OCLCS</subfield><subfield code="b">27311</subfield></datafield><datafield ind1="1" ind2=" " tag="029"><subfield code="a">AU@</subfield><subfield code="b">000040185860</subfield></datafield><datafield ind1=" " ind2=" " tag="037"><subfield code="b">The Daily Tar Heel, P.O. Box 3257, Chapel Hill, NC 27515</subfield></datafield><datafield ind1=" " ind2=" " tag="042"><subfield code="a">pcc</subfield><subfield code="a">nsdp</subfield></datafield><datafield ind1="1" ind2="0" tag="050"><subfield code="a">ISSN RECORD</subfield></datafield><datafield ind1="0" ind2=" " tag="130"><subfield code="a">Daily Tar Heel (Chapel Hill, N.C. : 1946 : Online)</subfield></datafield><datafield ind1=" " ind2="4" tag="222"><subfield code="a">The daily Tar Heel</subfield><subfield code="b">(Chapel Hill, N.C. 1946. Online)</subfield></datafield><datafield ind1="1" ind2="4" tag="245"><subfield code="a">The daily Tar Heel</subfield><subfield code="h">[electronic resource].</subfield></datafield><datafield ind1=" " ind2=" " tag="260"><subfield code="a">Chapel Hill, N.C. :</subfield><subfield code="b">Publications Board of the University of North Carolina at Chapel Hill</subfield></datafield><datafield ind1=" " ind2=" " tag="310"><subfield code="a">Daily (Monday-Friday during school year),</subfield><subfield code="b">&lt;Apr. 14, 1993-&gt;</subfield></datafield><datafield ind1=" " ind2=" " tag="321"><subfield code="a">Daily (except Monday &amp; school holidays),</subfield><subfield code="b">1946-</subfield></datafield><datafield ind1="1" ind2=" " tag="362"><subfield code="a">Print began with v. 54, no. 1 (Feb. 5, 1946).</subfield></datafield><datafield ind1=" " ind2=" " tag="500"><subfield code="a">Publisher varies: DTH Pub. Corp., &lt;Apr. 14, 1993-&gt;</subfield></datafield><datafield ind1=" " ind2=" " tag="530"><subfield code="a">Also issued in print.</subfield></datafield><datafield ind1=" " ind2=" " tag="538"><subfield code="a">Mode of access: World Wide Web.</subfield></datafield><datafield ind1=" " ind2=" " tag="550"><subfield code="a">Official student publication of the Publications Board of the University of North Carolina at Chapel Hill.</subfield></datafield><datafield ind1=" " ind2=" " tag="588"><subfield code="a">Description based on: Jan. 24, 2000 (publisher's Web site viewed Mar. 2, 2006); title from title banner.</subfield></datafield><datafield ind1=" " ind2=" " tag="588"><subfield code="a">Latest issue consulted: Mar. 2, 2006 (viewed publisher's Web site Mar. 2, 2006).</subfield></datafield><datafield ind1="1" ind2=" " tag="776"><subfield code="t">Daily Tar Heel (Chapel Hill, N.C. : 1946)</subfield><subfield code="x">1070-9436</subfield><subfield code="w">(DLC)sn 92073228</subfield><subfield code="w">(OCoLC)27164494</subfield></datafield><datafield ind1="0" ind2="0" tag="780"><subfield code="t">Tar Heel (Chapel Hill, N.C. : 1943)</subfield></datafield><datafield ind1="4" ind2="0" tag="856"><subfield code="u">http://www.dailytarheel.com/</subfield></datafield></record>